@article{joyner2016,
    author =       "Joyner, D. A. and Ashby, W. and Irish, L. and Lam, Y. and Langston and J., Lupiani and I., Lustig M. and Pettoruto, P. and Sheahen, D. and Smiley  A. and Bruckman, A. and Goel, A.",
	title = "Graders as Meta-Reviewers: Simultaneously Scaling and Improving Expert Evaluation for Large Online Classrooms [{On} Third Annual ACM Conference on Learning at Scale]",
    location = "Edinburgh, Scotland",
    year =         "2016",
    DOI =          "http://dx.doi.org/10.1002/andp.19053221004"
}

@article{joyner2017,
	author = "Joyner, D. A.",
	location = "Cambridge, Massachusetts.",
	year = "2017",
	title = "Scaling Expert Feedback: Two Case Studies. In Proceedings of the Fourth Annual ACM Conference on Learning at Scale."
}

@article{joyner2018a,
	author = "Joyner, D. A.",
	location = "London, United Kingdom. ",
	year = "2018",
	title = "Intelligent Evaluation and Feedback in Support of a Credit-Bearing MOOC. In Proceedings of the 19th International Conference on Artificial Intelligence in Education",
	publisher = "Springer"
}


@article{joyner2018b,
	author = "Joyner, D. A.",
	location = "London, United Kingdom. ",
	year = "2018",
	title = "Toward CS1 at Scale: Building and Testing a MOOC-for-Credit Candidate. In Proceedings of the Fifth Annual ACM Conference on Learning at Scale",
	publisher = "ACM Press"
}


@article{newman2018,
	author = "Joyner, D. A. and Newman, H.",
	location = "London, United Kingdom. ",
	year = "2018",
	title = "Sentiment Analysis of Student Evaluations of Teaching. In Proceedings of the 19th International Conference on Artificial Intelligence in Education",
	publisher = "Springer"
}
 
@misc{jn2019,
    author    = "JN",
    year      = "2019",
    title     = "JDF 2.0 The version",
    url       = "https://github.com/cantor-set/jdf2"
}
